{
  "leader": "04124cam a2200505Ia 4500",
  "fields": [
    {
      "001": "ocm45835554\\"
    },
    {
      "003": "OCoLC"
    },
    {
      "005": "20220104143536.0"
    },
    {
      "008": "010126s2001\\\\\\\\cau\\\\\\\\\\\\b\\\\\\\\001\\0\\eng\\\\"
    },
    {
      "010": {
        "ind1": "\\",
        "ind2": "\\",
        "subfields": [
          {
            "a": "  2001086970"
          },
          {
            "z": "  2001020029"
          }
        ]
      }
    },
    {
      "040": {
        "ind1": "\\",
        "ind2": "\\",
        "subfields": [
          {
            "a": "DLC"
          },
          {
            "b": "eng"
          },
          {
            "c": "DLC"
          },
          {
            "d": "C#P"
          },
          {
            "d": "VVC"
          },
          {
            "d": "UKM"
          },
          {
            "d": "BAKER"
          },
          {
            "d": "PMC"
          },
          {
            "d": "LVB"
          },
          {
            "d": "NLGGC"
          },
          {
            "d": "BTCTA"
          },
          {
            "d": "YDXCP"
          },
          {
            "d": "UKV3G"
          },
          {
            "d": "IG#"
          },
          {
            "d": "DMF"
          },
          {
            "d": "N5L"
          },
          {
            "d": "OCLCQ"
          },
          {
            "d": "TULIB"
          },
          {
            "d": "BDX"
          },
          {
            "d": "OCLCF"
          },
          {
            "d": "OCLCQ"
          },
          {
            "d": "OCLCO"
          },
          {
            "d": "OCL"
          },
          {
            "d": "OCLCQ"
          },
          {
            "d": "EZ9"
          },
          {
            "d": "LENOT"
          },
          {
            "d": "CNCLB"
          },
          {
            "d": "L2U"
          },
          {
            "d": "NLVRD"
          },
          {
            "d": "IL4J6"
          },
          {
            "d": "OCLCO"
          }
        ]
      }
    },
    {
      "019": {
        "ind1": "\\",
        "ind2": "\\",
        "subfields": [
          {
            "a": "46713287"
          },
          {
            "a": "59509728"
          },
          {
            "a": "357047973"
          },
          {
            "a": "979583164"
          },
          {
            "a": "980089518"
          },
          {
            "a": "985485241"
          },
          {
            "a": "985669166"
          },
          {
            "a": "1016209828"
          },
          {
            "a": "1023054132"
          },
          {
            "a": "1029414872"
          },
          {
            "a": "1034892213"
          },
          {
            "a": "1038974925"
          },
          {
            "a": "1049078613"
          },
          {
            "a": "1051620265"
          },
          {
            "a": "1053046495"
          },
          {
            "a": "1055588044"
          },
          {
            "a": "1081063397"
          },
          {
            "a": "1083392776"
          },
          {
            "a": "1084282970"
          }
        ]
      }
    },
    {
      "020": {
        "ind1": "\\",
        "ind2": "\\",
        "subfields": [
          {
            "a": "0804740550"
          },
          {
            "q": "(alk. paper)"
          }
        ]
      }
    },
    {
      "020": {
        "ind1": "\\",
        "ind2": "\\",
        "subfields": [
          {
            "a": "9780804740555"
          },
          {
            "q": "(alk. paper)"
          }
        ]
      }
    },
    {
      "020": {
        "ind1": "\\",
        "ind2": "\\",
        "subfields": [
          {
            "a": "0804740569"
          },
          {
            "q": "(pbk. ;"
          },
          {
            "q": "alk. paper)"
          }
        ]
      }
    },
    {
      "020": {
        "ind1": "\\",
        "ind2": "\\",
        "subfields": [
          {
            "a": "9780804740562"
          },
          {
            "q": "(pbk. ;"
          },
          {
            "q": "alk. paper)"
          }
        ]
      }
    },
    {
      "020": {
        "ind1": "\\",
        "ind2": "\\",
        "subfields": [
          {
            "a": "0804741107"
          },
          {
            "q": "(pbk. ;"
          },
          {
            "q": "alk. paper)"
          }
        ]
      }
    },
    {
      "020": {
        "ind1": "\\",
        "ind2": "\\",
        "subfields": [
          {
            "a": "9780804741101"
          },
          {
            "q": "(pbk. ;"
          },
          {
            "q": "alk. paper)"
          }
        ]
      }
    },
    {
      "035": {
        "ind1": "\\",
        "ind2": "\\",
        "subfields": [
          {
            "a": "(OCoLC)45835554"
          },
          {
            "z": "(OCoLC)46713287"
          },
          {
            "z": "(OCoLC)59509728"
          },
          {
            "z": "(OCoLC)357047973"
          },
          {
            "z": "(OCoLC)979583164"
          },
          {
            "z": "(OCoLC)980089518"
          },
          {
            "z": "(OCoLC)985485241"
          },
          {
            "z": "(OCoLC)985669166"
          },
          {
            "z": "(OCoLC)1016209828"
          },
          {
            "z": "(OCoLC)1023054132"
          },
          {
            "z": "(OCoLC)1029414872"
          },
          {
            "z": "(OCoLC)1034892213"
          },
          {
            "z": "(OCoLC)1038974925"
          },
          {
            "z": "(OCoLC)1049078613"
          },
          {
            "z": "(OCoLC)1051620265"
          },
          {
            "z": "(OCoLC)1053046495"
          },
          {
            "z": "(OCoLC)1055588044"
          },
          {
            "z": "(OCoLC)1081063397"
          },
          {
            "z": "(OCoLC)1083392776"
          },
          {
            "z": "(OCoLC)1084282970"
          }
        ]
      }
    },
    {
      "042": {
        "ind1": "\\",
        "ind2": "\\",
        "subfields": [
          {
            "a": "pcc"
          }
        ]
      }
    },
    {
      "043": {
        "ind1": "\\",
        "ind2": "\\",
        "subfields": [
          {
            "a": "a-cc---"
          }
        ]
      }
    },
    {
      "050": {
        "ind1": "0",
        "ind2": "0",
        "subfields": [
          {
            "a": "DS779.27"
          },
          {
            "b": ".M33 2001"
          }
        ]
      }
    },
    {
      "082": {
        "ind1": "0",
        "ind2": "0",
        "subfields": [
          {
            "a": "327.51"
          },
          {
            "b": "MAK"
          }
        ]
      }
    },
    {
      "245": {
        "ind1": "0",
        "ind2": "4",
        "subfields": [
          {
            "a": "The making of Chinese foreign and security policy in the era of reform, 1978-2000 /"
          },
          {
            "c": "David M. Lampton, editor."
          }
        ]
      }
    },
    {
      "260": {
        "ind1": "\\",
        "ind2": "\\",
        "subfields": [
          {
            "a": "Stanford, Calif. :"
          },
          {
            "b": "Stanford University Press,"
          },
          {
            "c": "2001."
          }
        ]
      }
    },
    {
      "300": {
        "ind1": "\\",
        "ind2": "\\",
        "subfields": [
          {
            "a": "xviii, 508 pages ;"
          },
          {
            "c": "23 cm"
          }
        ]
      }
    },
    {
      "336": {
        "ind1": "\\",
        "ind2": "\\",
        "subfields": [
          {
            "a": "text"
          },
          {
            "b": "txt"
          },
          {
            "2": "rdacontent"
          }
        ]
      }
    },
    {
      "337": {
        "ind1": "\\",
        "ind2": "\\",
        "subfields": [
          {
            "a": "unmediated"
          },
          {
            "b": "n"
          },
          {
            "2": "rdamedia"
          }
        ]
      }
    },
    {
      "338": {
        "ind1": "\\",
        "ind2": "\\",
        "subfields": [
          {
            "a": "volume"
          },
          {
            "b": "nc"
          },
          {
            "2": "rdacarrier"
          }
        ]
      }
    },
    {
      "504": {
        "ind1": "\\",
        "ind2": "\\",
        "subfields": [
          {
            "a": "Includes bibliographical references and index."
          }
        ]
      }
    },
    {
      "505": {
        "ind1": "0",
        "ind2": "\\",
        "subfields": [
          {
            "a": "China's foreign and national security policy-making process: is it changing and does it matter? / David M. Lampton -- The central leadership, supraministry coordinating bodies, state council ministries, and party departments / Lu Ning -- The influence of the gun: China's Central Military Commission and its relationship with the military, party and state decision-making systems / Tai Ming Cheung -- The external relations of China's provinces / Peter T.Y. Cheung and James T.H. Tang -- The foreign policy outlook of China's \"third generation\" elite / H. Lyman Miller and Liu Xiaohong -- The domestic context of Chinese foreign policy: does \"public opinion\" matter? / Joseph Fewsmith and Stanley Rosen -- Empowered and restrained: Chinese foreign policy in the age of economic interdependence / Thomas G. Moore and Dixia Yang -- The impact of international regimes on Chinese foreign policy-making: broadening perspectives and policies ... but only to a point / Elizabeth Economy -- Two steps forward, one step back: the dynamics of Chinese nonproliferation and arms control policy-making in an era of reform / Bates Gill -- Chinese decision-making regarding Taiwan, 1979-2000 / Michael D. Swaine -- The case of China's accession to GATT/WTO / Margaret M. Pearson -- The making of China's Korea policy in the era of reform / Samuel S. Kim."
          }
        ]
      }
    },
    {
      "651": {
        "ind1": "\\",
        "ind2": "0",
        "subfields": [
          {
            "a": "China"
          },
          {
            "x": "Foreign relations"
          },
          {
            "y": "1976-"
          }
        ]
      }
    },
    {
      "651": {
        "ind1": "\\",
        "ind2": "0",
        "subfields": [
          {
            "a": "China"
          },
          {
            "x": "Military policy."
          }
        ]
      }
    },
    {
      "650": {
        "ind1": "\\",
        "ind2": "7",
        "subfields": [
          {
            "a": "Diplomatic relations."
          },
          {
            "2": "fast"
          },
          {
            "0": "(OCoLC)fst01907412"
          }
        ]
      }
    },
    {
      "650": {
        "ind1": "\\",
        "ind2": "7",
        "subfields": [
          {
            "a": "Military policy."
          },
          {
            "2": "fast"
          },
          {
            "0": "(OCoLC)fst01021386"
          }
        ]
      }
    },
    {
      "651": {
        "ind1": "\\",
        "ind2": "7",
        "subfields": [
          {
            "a": "China."
          },
          {
            "2": "fast"
          },
          {
            "0": "(OCoLC)fst01206073"
          }
        ]
      }
    },
    {
      "648": {
        "ind1": "\\",
        "ind2": "7",
        "subfields": [
          {
            "a": "Since 1976"
          },
          {
            "2": "fast"
          }
        ]
      }
    },
    {
      "700": {
        "ind1": "1",
        "ind2": "\\",
        "subfields": [
          {
            "a": "Lampton, David M."
          }
        ]
      }
    },
    {
      "776": {
        "ind1": "0",
        "ind2": "8",
        "subfields": [
          {
            "i": "Online version:"
          },
          {
            "t": "Making of Chinese foreign and security policy in the era of reform, 1978-2000."
          },
          {
            "d": "Stanford, Calif. : Stanford University Press, 2001"
          },
          {
            "w": "(OCoLC)988915035"
          }
        ]
      }
    },
    {
      "856": {
        "ind1": "4",
        "ind2": "1",
        "subfields": [
          {
            "3": "Table of contents"
          },
          {
            "u": "http://catdir.loc.gov/catdir/toc/cam027/2001086970.html"
          }
        ]
      }
    },
    {
      "856": {
        "ind1": "4",
        "ind2": "2",
        "subfields": [
          {
            "3": "Contributor biographical information"
          },
          {
            "u": "http://catdir.loc.gov/catdir/enhancements/fy0710/2001086970-b.html"
          }
        ]
      }
    },
    {
      "856": {
        "ind1": "4",
        "ind2": "2",
        "subfields": [
          {
            "3": "Publisher description"
          },
          {
            "u": "http://catdir.loc.gov/catdir/description/cam022/2001086970.html"
          }
        ]
      }
    },
    {
      "994": {
        "ind1": "\\",
        "ind2": "\\",
        "subfields": [
          {
            "a": "Z0"
          },
          {
            "b": "NYRVC"
          }
        ]
      }
    },
    {
      "948": {
        "ind1": "\\",
        "ind2": "\\",
        "subfields": [
          {
            "h": "NO HOLDINGS IN NYRVC - 471 OTHER HOLDINGS"
          }
        ]
      }
    },
    {
      "999": {
        "ind1": "\\",
        "ind2": "\\",
        "subfields": [
          {
            "a": "00000000026288"
          }
        ]
      }
    }
  ]
}